<record><leader>00000cas a2200000 a 4500</leader><controlfield tag="001">85858198</controlfield><controlfield tag="008">070315d19uu19uumiucr ne      0   a0eng c</controlfield><datafield ind1=" " ind2=" " tag="010"><subfield code="a">sn2007060012</subfield></datafield><datafield ind1=" " ind2=" " tag="040"><subfield code="a">MHN</subfield><subfield code="b">eng</subfield><subfield code="c">MHN</subfield><subfield code="d">MHN</subfield><subfield code="d">OCLCQ</subfield><subfield code="d">OCLCF</subfield></datafield><datafield ind1="1" ind2=" " tag="029"><subfield code="a">AU@</subfield><subfield code="b">000013497417</subfield></datafield><datafield ind1=" " ind2=" " tag="042"><subfield code="a">pcc</subfield></datafield><datafield ind1=" " ind2=" " tag="043"><subfield code="a">n-us-mi</subfield></datafield><datafield ind1="0" ind2=" " tag="130"><subfield code="a">Bessemer herald (Bessemer, Mich. : 1921)</subfield></datafield><datafield ind1="1" ind2="4" tag="245"><subfield code="a">The Bessemer herald.</subfield></datafield><datafield ind1="1" ind2="3" tag="246"><subfield code="a">Bessemer herald and new free press</subfield></datafield><datafield ind1=" " ind2=" " tag="260"><subfield code="a">Bessemer, Mich. :</subfield><subfield code="b">Herald Pub. Co.</subfield></datafield><datafield ind1=" " ind2=" " tag="300"><subfield code="a">v.</subfield></datafield><datafield ind1=" " ind2=" " tag="310"><subfield code="a">Weekly,</subfield><subfield code="b">Dec. 9, 1921-</subfield></datafield><datafield ind1=" " ind2=" " tag="321"><subfield code="a">Semiweekly,</subfield><subfield code="b">&lt;Jan. 5, 1921&gt;-Dec. 2, 1921</subfield></datafield><datafield ind1=" " ind2=" " tag="500"><subfield code="a">June 28 - July 8, 1984 edition also called "Centennial souvenir edition."</subfield></datafield><datafield ind1=" " ind2=" " tag="588"><subfield code="a">Description based on: Vol. 32, no. 1 (Jan. 5, 1921).</subfield></datafield><datafield ind1=" " ind2=" " tag="588"><subfield code="a">Latest issue consulted: V. 29, no. 45 (Dec. 26, 1914).</subfield></datafield><datafield ind1=" " ind2="0" tag="651"><subfield code="a">Bessemer (Mich.)</subfield><subfield code="v">Newspapers.</subfield></datafield><datafield ind1=" " ind2="0" tag="651"><subfield code="a">Gogebic County (Mich.)</subfield><subfield code="v">Newspapers.</subfield></datafield><datafield ind1=" " ind2="7" tag="655"><subfield code="a">Newspapers.</subfield><subfield code="2">fast</subfield><subfield code="0">(OCoLC)fst01423814</subfield></datafield><datafield ind1=" " ind2="7" tag="651"><subfield code="a">Michigan</subfield><subfield code="z">Bessemer.</subfield><subfield code="2">fast</subfield><subfield code="0">(OCoLC)fst01231832</subfield></datafield><datafield ind1=" " ind2="7" tag="651"><subfield code="a">Michigan</subfield><subfield code="z">Gogebic County.</subfield><subfield code="2">fast</subfield><subfield code="0">(OCoLC)fst01214766</subfield></datafield><datafield ind1=" " ind2=" " tag="752"><subfield code="a">United States</subfield><subfield code="b">Michigan</subfield><subfield code="c">Gogebic</subfield><subfield code="d">Bessemer.</subfield></datafield><datafield ind1="0" ind2="0" tag="780"><subfield code="t">Bessemer herald and the new free press</subfield><subfield code="w">(DLC)sn2007060011</subfield><subfield code="w">(OCoLC)85858157</subfield></datafield></record>